<?xml version="1.0" encoding="UTF-8"?><collection xmlns="http://www.loc.gov/MARC21/slim"><record><leader>00433nam--2200133-i-4500</leader><controlfield tag="001">000010509</controlfield><controlfield tag="002">20161230</controlfield><controlfield tag="005">20161230201028</controlfield><controlfield tag="008">060222s1000------------r-----000-0-eng-d</controlfield><datafield ind1=" " ind2=" " tag="080"><subfield code="a">015:612.8</subfield></datafield><datafield ind1=" " ind2=" " tag="100"><subfield code="a">Bideau, Jean Pierre</subfield></datafield><datafield ind1=" " ind2=" " tag="245"><subfield code="a">Structures cristallines et moleculaires de dep resseurs du systeme nerveaux central derives de l acide barbiturique.these</subfield></datafield><datafield ind1=" " ind2=" " tag="260"><subfield code="a">Bordeaux, Universite De Bordeaux, 1971. 212 P</subfield></datafield><datafield ind1=" " ind2=" " tag="852"><subfield code="a">38019</subfield></datafield></record></collection>